<record><leader>00000cas a2200000 a 4500</leader><controlfield tag="001">10186075</controlfield><controlfield tag="008">831203d18501857ohudn ne      0    0eng c</controlfield><datafield ind1=" " ind2=" " tag="010"><subfield code="a">sn 83035631 </subfield></datafield><datafield ind1=" " ind2=" " tag="040"><subfield code="a">NPY</subfield><subfield code="b">eng</subfield><subfield code="c">NPY</subfield><subfield code="d">NPV</subfield><subfield code="d">NPX</subfield><subfield code="d">DLC</subfield><subfield code="d">YOX</subfield><subfield code="d">ONP</subfield><subfield code="d">YOX</subfield><subfield code="d">CNK</subfield><subfield code="d">NVK</subfield><subfield code="d">NVF</subfield><subfield code="d">OCL</subfield><subfield code="d">DLC</subfield><subfield code="d">IUL</subfield><subfield code="d">KRTAS</subfield><subfield code="d">CUI</subfield><subfield code="d">OCLCQ</subfield><subfield code="d">OCLCF</subfield></datafield><datafield ind1="1" ind2=" " tag="029"><subfield code="a">AU@</subfield><subfield code="b">000003468801</subfield></datafield><datafield ind1=" " ind2=" " tag="042"><subfield code="a">pcc</subfield></datafield><datafield ind1=" " ind2=" " tag="043"><subfield code="a">n-us-oh</subfield></datafield><datafield ind1="0" ind2="0" tag="050"><subfield code="a">Newspaper</subfield></datafield><datafield ind1=" " ind2="4" tag="050"><subfield code="a">AN</subfield></datafield><datafield ind1="0" ind2="4" tag="245"><subfield code="a">The Daily Scioto gazette.</subfield></datafield><datafield ind1="1" ind2="3" tag="246"><subfield code="a">Daily evening gazette</subfield></datafield><datafield ind1="1" ind2="3" tag="246"><subfield code="a">Scioto gazette</subfield></datafield><datafield ind1=" " ind2=" " tag="260"><subfield code="a">Chillicothe, Ohio :</subfield><subfield code="b">Ely, Allen &amp; Looker,</subfield><subfield code="c">1850-1857.</subfield></datafield><datafield ind1=" " ind2=" " tag="300"><subfield code="a">v.</subfield></datafield><datafield ind1=" " ind2=" " tag="310"><subfield code="a">Daily (except Sunday)</subfield></datafield><datafield ind1="0" ind2=" " tag="362"><subfield code="a">Vol. 1, no. 66 (Feb. 18, 1850)-v. 7, no. 164 (Oct. 12, 1857).</subfield></datafield><datafield ind1=" " ind2=" " tag="500"><subfield code="a">Publishers: Ely, Allen &amp; Looker, 1850-1853; Otway Curry, 1853-1854; J.H. Baker &amp; A.P. Miller, 1854-1857.</subfield></datafield><datafield ind1=" " ind2=" " tag="500"><subfield code="a">Whig, 1850-1854; Republican, 1855-1857. Cf. Gutgesell, S. Guide to Ohio newspapers, 1974.</subfield></datafield><datafield ind1=" " ind2=" " tag="530"><subfield code="a">Available on microfilm from Microfilm Corp., Cleveland, Ohio.</subfield></datafield><datafield ind1=" " ind2=" " tag="580"><subfield code="a">Weekly eds.: Scioto gazette (Chillicothe, Ross County, Ohio : 1835), 1850-1854, and: Weekly Scioto gazette, 1854-1857.</subfield></datafield><datafield ind1=" " ind2="0" tag="651"><subfield code="a">Chillicothe (Ross County, Ohio)</subfield><subfield code="v">Newspapers.</subfield></datafield><datafield ind1=" " ind2="0" tag="651"><subfield code="a">Ross County (Ohio)</subfield><subfield code="v">Newspapers.</subfield></datafield><datafield ind1=" " ind2="7" tag="655"><subfield code="a">Newspapers.</subfield><subfield code="2">fast</subfield><subfield code="0">(OCoLC)fst01423814</subfield></datafield><datafield ind1=" " ind2="7" tag="651"><subfield code="a">Ohio</subfield><subfield code="z">Chillicothe (Ross County)</subfield><subfield code="2">fast</subfield><subfield code="0">(OCoLC)fst01312400</subfield></datafield><datafield ind1=" " ind2="7" tag="651"><subfield code="a">Ohio</subfield><subfield code="z">Ross County.</subfield><subfield code="2">fast</subfield><subfield code="0">(OCoLC)fst01213452</subfield></datafield><datafield ind1=" " ind2=" " tag="752"><subfield code="a">United States</subfield><subfield code="b">Ohio</subfield><subfield code="c">Ross</subfield><subfield code="d">Chillicothe.</subfield></datafield><datafield ind1="1" ind2=" " tag="775"><subfield code="t">Scioto gazette (Chillicothe, Ross County, Ohio : 1835)</subfield><subfield code="w">(DLC)sn 84024214</subfield><subfield code="w">(OCoLC)11239966</subfield></datafield><datafield ind1="1" ind2=" " tag="775"><subfield code="t">Weekly Scioto gazette</subfield><subfield code="w">(DLC)sn 83035632</subfield><subfield code="w">(OCoLC)10186087</subfield></datafield><datafield ind1="0" ind2="8" tag="776"><subfield code="i">Online version:</subfield><subfield code="t">Daily Scioto gazette</subfield><subfield code="w">(OCoLC)608575630</subfield></datafield><datafield ind1="0" ind2="0" tag="780"><subfield code="t">Scioto gazette (Chillicothe, Ross County, Ohio : 1849)</subfield><subfield code="w">(DLC)sn 83035630</subfield><subfield code="w">(OCoLC)10186067</subfield></datafield><datafield ind1=" " ind2=" " tag="938"><subfield code="a">Kirtas Technologies, Inc.</subfield><subfield code="b">KRTS</subfield><subfield code="n">737937</subfield></datafield></record>